<?xml version="1.0" encoding="UTF-8"?><collection xmlns="http://www.loc.gov/MARC21/slim"><record><leader>00606nam--2200169-i-4500</leader><controlfield tag="001">000016073</controlfield><controlfield tag="002">20161230</controlfield><controlfield tag="005">20161230201031</controlfield><controlfield tag="008">060222s1000------------r-----000-0-eng-d</controlfield><datafield ind1=" " ind2=" " tag="040"><subfield code="a">IFIN-HH</subfield></datafield><datafield ind1=" " ind2=" " tag="080"><subfield code="a">533.95:061.3</subfield></datafield><datafield ind1="1" ind2=" " tag="100"><subfield code="a">Clauser, Francis H</subfield></datafield><datafield ind1="1" ind2="0" tag="245"><subfield code="a">Symposium of plasma dynamics</subfield><subfield code="b">Sponsored by the air force office of scientific research. prepared under the auspices of the national academy of sciences</subfield><subfield code="c">FRANCIS H. CLAUSER (General Editor)</subfield></datafield><datafield ind1=" " ind2=" " tag="260"><subfield code="a">Reading, Addison-wesley Publising Company, Inc., 1960</subfield></datafield><datafield ind1=" " ind2=" " tag="300"><subfield code="a">IX + 369 P</subfield></datafield><datafield ind1=" " ind2=" " tag="852"><subfield code="a">15605</subfield><subfield code="c">533.9</subfield></datafield><datafield ind1=" " ind2=" " tag="CAT"><subfield code="a">Sys</subfield><subfield code="c">20100921</subfield><subfield code="h">125456</subfield></datafield></record></collection>